@inproceedings{wallace2019,
    title = "Universal Adversarial Triggers for Attacking and Analyzing {NLP}",
    author = "Wallace, Eric  and
      Feng, Shi  and
      Kandpal, Nikhil  and
      Gardner, Matt  and
      Singh, Sameer",
    booktitle = "Proceedings of the 2019 Conference on Empirical Methods in Natural Language Processing and the 9th International Joint Conference on Natural Language Processing (EMNLP-IJCNLP)",
    month = nov,
    year = "2019",
    address = "Hong Kong, China",
    publisher = "Association for Computational Linguistics",
    url = "https://www.aclweb.org/anthology/D19-1221",
    doi = "10.18653/v1/D19-1221",
    pages = "2153--2162",
}

@INPROCEEDINGS{behjati2019,

author={M. {Behjati} and S. {Moosavi-Dezfooli} and M. S. {Baghshah} and P. {Frossard}},
booktitle={ICASSP 2019 - 2019 IEEE International Conference on Acoustics, Speech and Signal Processing (ICASSP)}, 

title={Universal Adversarial Attacks on Text Classifiers}, 

  year={2019},

  volume={},

  number={},

  pages={7345-7349},
 }

@inproceedings{riberio2018,
    title = "Semantically Equivalent Adversarial Rules for Debugging {NLP} models",
    author = "Ribeiro, Marco Tulio  and
      Singh, Sameer  and
      Guestrin, Carlos",
    booktitle = "Proceedings of the 56th Annual Meeting of the Association for Computational Linguistics (Volume 1: Long Papers)",
    month = jul,
    year = "2018",
    address = "Melbourne, Australia",
    publisher = "Association for Computational Linguistics",
    url = "https://www.aclweb.org/anthology/P18-1079",
    doi = "10.18653/v1/P18-1079",
    pages = "856--865",
}

% Liang can be fooled
@article{liang2018,
   title={Deep Text Classification Can be Fooled},
   ISBN={9780999241127},
   url={http://dx.doi.org/10.24963/ijcai.2018/585},
   DOI={10.24963/ijcai.2018/585},
   journal={Proceedings of the Twenty-Seventh International Joint Conference on Artificial Intelligence},
   publisher={International Joint Conferences on Artificial Intelligence Organization},
   author={Liang, Bin and Li, Hongcheng and Su, Miaoqiang and Bian, Pan and Li, Xirong and Shi, Wenchang},
   year={2018},
   month={Jul}
}

@inproceedings{jia2019,
    title = "Adversarial Examples for Evaluating Reading Comprehension Systems",
    author = "Jia, Robin  and
      Liang, Percy",
    booktitle = "Proceedings of the 2017 Conference on Empirical Methods in Natural Language Processing",
    month = sep,
    year = "2017",
    address = "Copenhagen, Denmark",
    publisher = "Association for Computational Linguistics",
    url = "https://www.aclweb.org/anthology/D17-1215",
    doi = "10.18653/v1/D17-1215",
    pages = "2021--2031",
}

% alzantot: Genetic algorithm
@inproceedings{alzantot2018,
    title = "Generating Natural Language Adversarial Examples",
    author = "Alzantot, Moustafa  and
      Sharma, Yash  and
      Elgohary, Ahmed  and
      Ho, Bo-Jhang  and
      Srivastava, Mani  and
      Chang, Kai-Wei",
    booktitle = "Proceedings of the 2018 Conference on Empirical Methods in Natural Language Processing",
    month = oct # "-" # nov,
    year = "2018",
    address = "Brussels, Belgium",
    publisher = "Association for Computational Linguistics",
    url = "https://www.aclweb.org/anthology/D18-1316",
    doi = "10.18653/v1/D18-1316",
    pages = "2890--2896",
}

% hotflip
@inproceedings{ebrahimi2018,
    title = "{H}ot{F}lip: White-Box Adversarial Examples for Text Classification",
    author = "Ebrahimi, Javid  and
      Rao, Anyi  and
      Lowd, Daniel  and
      Dou, Dejing",
    booktitle = "Proceedings of the 56th Annual Meeting of the Association for Computational Linguistics (Volume 2: Short Papers)",
    month = jul,
    year = "2018",
    address = "Melbourne, Australia",
    publisher = "Association for Computational Linguistics",
    url = "https://www.aclweb.org/anthology/P18-2006",
    doi = "10.18653/v1/P18-2006",
    pages = "31--36",
}
